@misc{LSTM,
  title = {Long short-term memory},
  howpublished = {\url{https://en.wikipedia.org/wiki/Long_short-term_memory#/media/File:LSTM_Cell.svg}},
  note = {Accessed: 2022-07-19}
}